<record><leader>00000cas a2200000 a 4500</leader><controlfield tag="001">15205021</controlfield><controlfield tag="008">870217d183818uumouwr ne      0    0eng c</controlfield><datafield ind1=" " ind2=" " tag="010"><subfield code="a">sn 87052201 </subfield></datafield><datafield ind1=" " ind2=" " tag="040"><subfield code="a">NPX</subfield><subfield code="b">eng</subfield><subfield code="c">NPX</subfield><subfield code="d">MQN</subfield><subfield code="d">YOX</subfield><subfield code="d">MQN</subfield><subfield code="d">NVF</subfield><subfield code="d">OCL</subfield><subfield code="d">CUI</subfield><subfield code="d">OCLCQ</subfield><subfield code="d">OCLCF</subfield></datafield><datafield ind1="1" ind2=" " tag="029"><subfield code="a">AU@</subfield><subfield code="b">000020128923</subfield></datafield><datafield ind1=" " ind2=" " tag="042"><subfield code="a">pcc</subfield></datafield><datafield ind1=" " ind2=" " tag="043"><subfield code="a">n-us-mo</subfield></datafield><datafield ind1=" " ind2="4" tag="050"><subfield code="a">AN</subfield></datafield><datafield ind1="0" ind2="0" tag="245"><subfield code="a">Missouri Republican for the country.</subfield></datafield><datafield ind1=" " ind2=" " tag="260"><subfield code="a">St. Louis, Mo. :</subfield><subfield code="b">Chambers, Harris, Knapp</subfield></datafield><datafield ind1=" " ind2=" " tag="300"><subfield code="a">v.</subfield></datafield><datafield ind1=" " ind2=" " tag="310"><subfield code="a">Weekly</subfield></datafield><datafield ind1="0" ind2=" " tag="362"><subfield code="a">Vol. 15, [no.] 36 (Jan. 17, 1838)-</subfield></datafield><datafield ind1=" " ind2=" " tag="580"><subfield code="a">Daily ed.: Daily Missouri Republican (Saint Louis, Mo. : 1837), 1838-&lt;1840&gt;.</subfield></datafield><datafield ind1=" " ind2=" " tag="580"><subfield code="a">Triweekly ed.: Missouri Republican (Saint Louis, Mo. : 1833), 1838-&lt;&gt;.</subfield></datafield><datafield ind1=" " ind2="0" tag="651"><subfield code="a">Saint Louis (Mo.)</subfield><subfield code="v">Newspapers.</subfield></datafield><datafield ind1=" " ind2="7" tag="655"><subfield code="a">Newspapers.</subfield><subfield code="2">fast</subfield><subfield code="0">(OCoLC)fst01423814</subfield></datafield><datafield ind1=" " ind2="7" tag="651"><subfield code="a">Missouri</subfield><subfield code="z">Saint Louis.</subfield><subfield code="2">fast</subfield><subfield code="0">(OCoLC)fst01204930</subfield></datafield><datafield ind1=" " ind2=" " tag="752"><subfield code="a">United States</subfield><subfield code="b">Missouri</subfield><subfield code="d">Saint Louis.</subfield></datafield><datafield ind1="1" ind2=" " tag="775"><subfield code="t">Daily Missouri Republican (Saint Louis, Mo. : 1837)</subfield><subfield code="w">(DLC)sn 83045140</subfield><subfield code="w">(OCoLC)2251598</subfield></datafield><datafield ind1="1" ind2=" " tag="775"><subfield code="t">Missouri Republican (Saint Louis, Mo. : 1833)</subfield><subfield code="w">(DLC)sn 93060398</subfield><subfield code="w">(OCoLC)28920000</subfield></datafield><datafield ind1="0" ind2="0" tag="780"><subfield code="t">Missouri Republican (Saint Louis, Mo. : 1822)</subfield><subfield code="w">(DLC)sn 83025377</subfield><subfield code="w">(OCoLC)2251243</subfield></datafield><datafield ind1="0" ind2="0" tag="785"><subfield code="t">Weekly Missouri Republican</subfield><subfield code="w">(DLC)sn 84020303</subfield><subfield code="w">(OCoLC)10574502</subfield></datafield></record>